<record><leader>00000cas a22000007a 4500</leader><controlfield tag="001">9338674</controlfield><controlfield tag="008">830323d18621921meudr ne      0    0eng  </controlfield><datafield ind1=" " ind2=" " tag="010"><subfield code="a">sn 83016025 </subfield></datafield><datafield ind1=" " ind2=" " tag="040"><subfield code="a">DLC</subfield><subfield code="b">eng</subfield><subfield code="c">DLC</subfield><subfield code="d">NPX</subfield><subfield code="d">NPU</subfield><subfield code="d">DLC</subfield><subfield code="d">NVH</subfield><subfield code="d">MGN</subfield><subfield code="d">CNW</subfield><subfield code="d">NVF</subfield><subfield code="d">MBN</subfield><subfield code="d">OCL</subfield><subfield code="d">OCLCF</subfield><subfield code="d">OCLCO</subfield></datafield><datafield ind1=" " ind2=" " tag="042"><subfield code="a">msc</subfield></datafield><datafield ind1=" " ind2=" " tag="043"><subfield code="a">n-us-me</subfield></datafield><datafield ind1="0" ind2="0" tag="050"><subfield code="a">Newspaper 8007-X</subfield></datafield><datafield ind1="0" ind2="4" tag="245"><subfield code="a">The Portland daily press.</subfield></datafield><datafield ind1=" " ind2=" " tag="260"><subfield code="a">Portland, Me. :</subfield><subfield code="b">N.A. Foster &amp; Co.,</subfield></datafield><datafield ind1=" " ind2=" " tag="300"><subfield code="a">v.</subfield></datafield><datafield ind1=" " ind2=" " tag="310"><subfield code="a">Daily</subfield></datafield><datafield ind1=" " ind2=" " tag="321"><subfield code="a">Daily (except Sunday)</subfield></datafield><datafield ind1="0" ind2=" " tag="362"><subfield code="a">Vol. 1, no. 1 (June 23, 1862)-v. 46, no. 16 (Nov. 20, 1921).</subfield></datafield><datafield ind1=" " ind2=" " tag="500"><subfield code="a">Editors: J.T. Gilman, J.B. Hall, 1862-1863; J.T. Gilman, 1863-1866.</subfield></datafield><datafield ind1=" " ind2=" " tag="500"><subfield code="a">Publishers: N.A. Foster, 1866; Portland Publishing Co., 1869-&lt;1876&gt;.</subfield></datafield><datafield ind1=" " ind2=" " tag="500"><subfield code="a">Republican.</subfield></datafield><datafield ind1=" " ind2=" " tag="530"><subfield code="a">Also available on microfilm from the Library of Congress Photoduplication Service.</subfield></datafield><datafield ind1=" " ind2=" " tag="580"><subfield code="a">Weekly ed.: Maine state press, 1862-&lt;1907&gt; Maine state press and turf, farm and home, &lt;1912-1920&gt;</subfield></datafield><datafield ind1=" " ind2=" " tag="580"><subfield code="a">Merged with: Portland herald, to form: Portland press herald.</subfield></datafield><datafield ind1=" " ind2="0" tag="651"><subfield code="a">Portland (Me.)</subfield><subfield code="v">Newspapers.</subfield></datafield><datafield ind1=" " ind2="7" tag="655"><subfield code="a">Newspapers.</subfield><subfield code="2">fast</subfield><subfield code="0">(OCoLC)fst01423814</subfield></datafield><datafield ind1=" " ind2="7" tag="651"><subfield code="a">Maine</subfield><subfield code="z">Portland.</subfield><subfield code="2">fast</subfield><subfield code="0">(OCoLC)fst01213254</subfield></datafield><datafield ind1="1" ind2=" " tag="700"><subfield code="a">Gilman, John T.</subfield></datafield><datafield ind1="1" ind2=" " tag="700"><subfield code="a">Hall, Joseph B.</subfield><subfield code="q">(Joseph Blake),</subfield><subfield code="d">1825-1889.</subfield></datafield><datafield ind1=" " ind2=" " tag="752"><subfield code="a">United States</subfield><subfield code="b">Maine</subfield><subfield code="c">Cumberland</subfield><subfield code="d">Portland.</subfield></datafield><datafield ind1="1" ind2=" " tag="775"><subfield code="t">Maine state press</subfield><subfield code="w">(DLC)sn 84022123</subfield></datafield><datafield ind1="1" ind2=" " tag="775"><subfield code="t">Maine state press and turf, farm and home</subfield><subfield code="w">(DLC)sn 96075059</subfield></datafield><datafield ind1="0" ind2="5" tag="780"><subfield code="t">Portland Sunday times</subfield><subfield code="w">(DLC)sn 83016050</subfield></datafield><datafield ind1="1" ind2="7" tag="785"><subfield code="t">Portland herald</subfield><subfield code="w">(DLC)sn 83016027</subfield></datafield><datafield ind1="1" ind2="7" tag="785"><subfield code="t">Portland press herald</subfield><subfield code="w">(DLC)sn 83016029</subfield></datafield></record>